%==============================================================
% 软件类
%==============================================================
@software{Elovic_gpt-researcher_2023,
author = {Elovic, Assaf},
month = jul,
title = {{gpt-researcher}},
url = {https://github.com/assafelovic/gpt-researcher},
version = {0.5.4},
year = {2023}
}
@software{Chase_LangChain_2022,
author = {Chase, Harrison},
month = oct,
title = {{LangChain}},
url = {https://github.com/langchain-ai/langchain},
year = {2022}
}
%==============================================================
% 学位论文
%==============================================================

%==============================================================
% 会议论文
%==============================================================
@inproceedings{wang2024executable,
      title={Executable Code Actions Elicit Better LLM Agents}, 
      author={Xingyao Wang and Yangyi Chen and Lifan Yuan and Yizhe Zhang and Yunzhu Li and Hao Peng and Heng Ji},
      year={2024},
      eprint={2402.01030},
      booktitle={ICML}
}
%==============================================================
% 文章
%==============================================================
@article{lewis2020retrieval,
  title={Retrieval-augmented generation for knowledge-intensive nlp tasks},
  author={Lewis, Patrick and Perez, Ethan and Piktus, Aleksandra and Petroni, Fabio and Karpukhin, Vladimir and Goyal, Naman and K{\"u}ttler, Heinrich and Lewis, Mike and Yih, Wen-tau and Rockt{\"a}schel, Tim and others},
  journal={Advances in neural information processing systems},
  volume={33},
  pages={9459--9474},
  year={2020}
}
%==============================================================
% 图书
%==============================================================

%==============================================================
% 其他
%==============================================================
@Misc{smolagents,
  title =        {`smolagents`: a smol library to build great agentic systems.},
  author =       {Aymeric Roucher and Albert Villanova del Moral and Thomas Wolf and Leandro von Werra and Erik Kaunismäki},
  howpublished = {\url{https://github.com/huggingface/smolagents}},
  year =         {2025}
}
@misc{jiang2023activeretrievalaugmentedgeneration,
      title={Active Retrieval Augmented Generation}, 
      author={Zhengbao Jiang and Frank F. Xu and Luyu Gao and Zhiqing Sun and Qian Liu and Jane Dwivedi-Yu and Yiming Yang and Jamie Callan and Graham Neubig},
      year={2023},
      eprint={2305.06983},
      archivePrefix={arXiv},
      primaryClass={cs.CL},
      url={https://arxiv.org/abs/2305.06983}, 
}